
@misc{bensleyProductividadPymesIdeas2019,
  title = {{La productividad en las pymes: 7 ideas sobre automatizaci\'on que impulsar\'an tu negocio y tu productividad}},
  shorttitle = {{La productividad en las pymes}},
  author = {Bensley, Eric},
  year = {2019},
  abstract = {Para mejorar la productividad en tu empresa, utiliza el poder de las herramientas de automatizaci\'on para transformar tu equipo de trabajo en una m\'aquina de productividad.},
  howpublished = {https://blog.trello.com/es/productividad-en-las-pymes},
  langid = {spanish},
  file = {/home/statick/Zotero/storage/TPK62N4Q/productividad-en-las-pymes.html}
}

@misc{CalendarioGoogleCalendarios2022,
  title = {{Calendario de Google: calendarios en l\'inea para empresas | Google Workspace}},
  shorttitle = {{Calendario de Google}},
  year = {2022},
  abstract = {Calendarios que se pueden compartir dise\~nados para equipos. Calendario~de~Google sugiere horarios de reuniones y se integra sin problemas a Gmail. Obtenga Calendario como parte de Google~Workspace.},
  howpublished = {https://workspace.google.com/intl/es-419/products/calendar/},
  langid = {es-419},
  file = {/home/statick/Zotero/storage/NVLXRX7X/calendar.html}
}

@article{donayremedinaGestionAgendasLaborales2017,
  title = {{Gesti\'on de agendas laborales mediante el aplicativo G Suite en la direcci\'on distrital de defensa publica y acceso a La Justicia Ica}},
  author = {Donayre Medina, Victor Antonio},
  year = {2017},
  publisher = {{Universidad Alas Peruanas}},
  abstract = {La presente tesis tiene como objetivo principal el generar diversas estrategias orientadas a la gesti\'on y tratamiento de las agendas laborales que involucran al \'area de atenci\'on al usuario en la Direcci\'on Distrital de Defensa P\'ublica y Acceso a la Justicia en la ciudad de Ica, mediante el aplicativo `G Suite' , que buscar\'a poder asignar de manera r\'apida el profesional correspondiente de forma eficiente, estableciendo los procedimientos para la sincronizaci\'on en tiempo real entre las aplicaciones web e interna de la instituci\'on, con la priorizaci\'on de el tener un control optimo y poder designar casos de manera correcta a los abogados. Buscando la mejora en el proceso de atenci\'on al usuario mediante las estrategias de gesti\'on de la informaci\'on con ayuda del aplicativo ``G SUITE ``con el cual se disminuir\'a el tiempo de respuesta en cuanto a los casos asignados Instituci\'on. En este punto podremos disminuir los tiempos de respuesta del proceso de atenci\'on al usuario.      En la b\'usqueda de los problemas que atacan a la instituci\'on, se encontraron tales como la deficiencia en la entrega, registro y organizaci\'on de agendas laborales, que las agendas laborales se encuentran desactualizadas, por lo que la entrega de informaci\'on err\'onea hacia las diversas \'areas generan un constante malestar hacia los usuario, que genera un alto porcentaje de casos no atendidos en la direcci\'on distrital de defensa publica y acceso a la justicia en la sede de Ica.       En el presente proyecto se us\'o la Metodolog\'ia Business Intelligence es la habilidad para transformar los datos en informaci\'on, y la informaci\'on en conocimiento, de forma que se pueda optimizar el proceso de toma de decisiones en los negocios. Desde un punto de vista m\'as pragm\'atico, y asoci\'andolo directamente con las tecnolog\'ias de la informaci\'on, podemos definir Business Intelligence como el conjunto de metodolog\'ias, aplicaciones y tecnolog\'ias que permiten reunir, depurar y transformar datos de los sistemas transaccionales e informaci\'on desestructurada (interna y externa a la compa\~n\'ia) en informaci\'on estructurada, para su explotaci\'on directa.},
  copyright = {info:eu-repo/semantics/openAccess},
  langid = {spanish},
  annotation = {Accepted: 2022-04-13T03:51:36Z},
  file = {/home/statick/Zotero/storage/DMKF757J/Donayre Medina - 2017 - Gestión de agendas laborales mediante el aplicativ.pdf;/home/statick/Zotero/storage/RMB9DLFH/6774.html}
}

@misc{educaticJITSIMEETTutorial2022,
  title = {{{JITSI MEET}} | {{Tutorial Espa\~nol}} 2022 | {{Software LIBRE}}, Contrase\~nas, Atajos de Teclado, Estad\'isticas...},
  author = {{EducaTIC}},
  year = {2022},
  month = may,
  abstract = {Tutorial COMPLETO sobre Jitsi Meet. La herramienta para hacer videollamadas. \textrightarrow\textexclamdown Descubre todos nuestros v\'ideos organizados por tem\'atica en este mapa conceptual! https://tinyurl.com/coggle2022 \textrightarrow\textexclamdown Suscr\'ibete para no perderte nuestros nuevos v\'ideos TODOS LOS MI\'ERCOLES!  \textrightarrow\textexclamdown Visita nuestro canal! https://tinyurl.com/EducaTicEs \textrightarrow\textexclamdown Visita nuestro Twitter! https://twitter.com/EducaTIC\_es \textrightarrow\textexclamdown Visita nuestro canal en euskara! https://labur.eus/EducaTicEus \textrightarrow\textexclamdown Cont\'actanos! tutoreducatic@gmail.com 00:00 Introducci\'on 01:02 P\'agina y puntos fuertes 02:27 Crear una videollamada 02:50 Preajustes 05:19 Grabar la pantalla 06:15 Invitar participantes- Compartir 08:35 Micro - c\'amara - compartir pantalla 09:54 Chat y encuesta 12:03 Levantar la mano 12:44 Participantes 13:22 Vista 15:37 M\'as opciones 17:07 Seguridad y contrase\~na 18:34 Grabar videollamada 19:53 Transmisi\'on por Youtube 20:45 Silenciar y quitar pantalla a todos 21:10 Compartir video. 22:10 Estad\'isticas de participaci\'on. 22:34 Configuraci\'on. 23:58 Atajos de teclado. 25:16 C\'odigo embed. 25:26 Sugerencias, FAC y manuales. 25:58 Finalizar la reuni\'on. 26:06 Extensi\'on Google Chrome. 28:08 Despedida.}
}

@misc{garciaSuiteAhoraEs2020,
  title = {{G Suite ahora es Google Workspace: as\'i es el nuevo espacio de trabajo integrado con GMail, Docs y Meet para empresas}},
  shorttitle = {{G Suite ahora es Google Workspace}},
  author = {Garc{\'i}a, Jose},
  year = {2020},
  month = oct,
  journal = {Xataka},
  abstract = {Google acaba de anunciar Google Workspace, su nueva plataforma de colaboraci\'on para peque\~nas y grandes empresas que viene a sustituir y unificar G Suite. Se...},
  chapter = {pro},
  howpublished = {https://www.xataka.com/pro/google-workspace-asi-nuevo-espacio-trabajo-integrado-google-gmail-docs-meet-para-empresas},
  langid = {spanish},
  file = {/home/statick/Zotero/storage/Y2KK4V65/google-workspace-asi-nuevo-espacio-trabajo-integrado-google-gmail-docs-meet-para-empresas.html}
}

@misc{HerramientasImprescindiblesPara2020,
  title = {{{$\rhd$} 5 herramientas imprescindibles para tomar apuntes digitales}},
  year = {2020},
  month = may,
  journal = {Residencia Universitaria Monteprincipe},
  abstract = {\ding{232} Atr\'as quedaron los ✅ cuadernos de papel y el l\'apiz para tomar notas; hoy en d\'ia contamos con herramientas para tomar apuntes digitales},
  langid = {spanish},
  file = {/home/statick/Zotero/storage/IP7TTY8S/5-herramientas-imprescindibles-tomar-apuntes-digitales.html}
}

@misc{martiGoogleDriveVs2021,
  title = {{Google Drive vs Onedrive vs Dropbox vs iCloud: comparativa de las apps de m\'ovil de los principales servicios en la nube}},
  shorttitle = {{Google Drive vs Onedrive vs Dropbox vs iCloud}},
  author = {Mart{\'i}, Anna},
  year = {2021},
  month = jun,
  journal = {Xataka},
  abstract = {Poco a poco el recurso de los servicios en la nube se ha ido haciendo muy habitual en el d\'ia a d\'ia, ya sea por ocio o por trabajo, y en algunos casos rara es...},
  chapter = {servicios},
  howpublished = {https://www.xataka.com/servicios/google-drive-vs-onedrive-vs-dropbox-vs-icloud-comparativa-apps-movil-principales-servicios-nube},
  langid = {spanish},
  file = {/home/statick/Zotero/storage/JAASKS39/google-drive-vs-onedrive-vs-dropbox-vs-icloud-comparativa-apps-movil-principales-servicios-nube.html}
}

@article{molinariosEvaluacionFrameworksDesarrollo2016,
  title = {Evaluaci\'on de Los {{Frameworks}} En El {{Desarrollo}} de {{Aplicaciones Web}} Con {{Python}}},
  author = {Molina R{\'i}os, Jimmy Rolando and Loja Mora, Nancy Magaly and Zea Ord{\'o}{\~n}ez, Mariuxi Paola and Loaiza Sojos, Erika Lizbeth},
  year = {2016},
  month = sep,
  journal = {Revista Latinoamericana de Ingenieria de Software},
  volume = {4},
  number = {4},
  pages = {201},
  issn = {2314-2642},
  doi = {10.18294/relais.2016.201-207},
  abstract = {Debido a la creciente interacci\'on de los usuarios con sistemas web, surge la necesidad de combinar las funcionalidades de aplicaciones cl\'asicas de escritorio, con la accesibilidad y bajo costo de la publicaci\'on de aplicaciones web; dando origen a la elecci\'on del mejor marco de trabajo que se adopte a las necesidades de los desarrolladores. Esta investigaci\'on presenta un an\'alisis comparativo de los frameworks que trabajan con el lenguaje Python para el desarrollo de aplicaciones web. Para ello el an\'alisis se formul\'o mediante un modelo de evaluaci\'on que se basa en las caracter\'isticas de calidad propuestas en la norma ISO/IEC 9126. Estas a su vez permiten establecer sub-caracter\'isticas, atributos y m\'etricas para evaluar la calidad de las aplicaciones web. Permitiendo obtener como resultado una matriz para la Evaluaci\'on de Frameworks: Django, Pyramid, Turbogear y Web2PY. Los resultados obtenidos mostraron las fortalezas y debilidades de cada framework y fue la base para determinar que Django es el mejor framework para la implementaci\'on de desarrollo de sistemas web. Este framework cumpli\'o con todos los indicadores del modelo de evaluaci\'on, los resultados redactados al final del documento determinan que tomando en cuenta las m\'etricas de calidad se puede elegir qu\'e marco de trabajo es el que mejor se adapta para el desarrollo de aplicaciones web en la Ciudad de Machala. Antes de realizar una evaluaci\'on se considera indispensable conocer y comprender el funcionamiento de los elementos que se vaya a cotejar, para ello es recomendable emplear tablas para la comparaci\'on de las caracter\'isticas, teniendo como referencia sitios web confiables que aporten documentaci\'on sobre los frameworks y el empleo de est\'andares de calidad para su determinaci\'on.},
  file = {/home/statick/Zotero/storage/K47MHVVR/Molina Ríos et al. - 2016 - Evaluación de los Frameworks en el Desarrollo de A.pdf}
}

@misc{NextcloudOnlyOfficeRafael,
  title = {Nextcloud + {{OnlyOffice}} \textendash{} {{Rafael Bonifaz}}},
  howpublished = {https://rafael.bonifaz.ec/blog/2020/03/nextcloud-onlyoffice/},
  file = {/home/statick/Zotero/storage/FKIJWZNH/nextcloud-onlyoffice.html}
}

@misc{NextcloudOnlyOfficeRafael2020,
  title = {{Nextcloud + OnlyOffice \textendash{} Rafael Bonifaz}},
  year = {2020},
  langid = {spanish}
}

@article{nosekPromotingOpenResearch2015,
  title = {Promoting an Open Research Culture},
  author = {Nosek, B. A. and Alter, G. and Banks, G. C. and Borsboom, D. and Bowman, S. D. and Breckler, S. J. and Buck, S. and Chambers, C. D. and Chin, G. and Christensen, G. and Contestabile, M. and Dafoe, A. and Eich, E. and Freese, J. and Glennerster, R. and Goroff, D. and Green, D. P. and Hesse, B. and Humphreys, M. and Ishiyama, J. and Karlan, D. and Kraut, A. and Lupia, A. and Mabry, P. and Madon, T. and Malhotra, N. and {Mayo-Wilson}, E. and McNutt, M. and Miguel, E. and Paluck, E. Levy and Simonsohn, U. and Soderberg, C. and Spellman, B. A. and Turitto, J. and VandenBos, G. and Vazire, S. and Wagenmakers, E. J. and Wilson, R. and Yarkoni, T.},
  year = {2015},
  month = jun,
  journal = {Science},
  volume = {348},
  number = {6242},
  pages = {1422--1425},
  doi = {10.1126/science.aab2374}
}

@article{NoTitleFound,
  title = {{[No title found]}},
  journal = {Revista Universitaria de Inform\'atica RUNIN},
  issn = {25905147},
  langid = {spanish},
  file = {/home/statick/Zotero/storage/3GAN2JE5/[No title found].pdf}
}

@book{PlainPersonGuide,
  title = {The {{Plain Person}}'s {{Guide}} to {{Plain Text Social Science}}},
  abstract = {The Plain Person's Guide to Plain Text Social Science},
  file = {/home/statick/Zotero/storage/BEWHNJ6A/plain-text.co.html}
}

@misc{PowerUpsTrello2022,
  title = {Power-{{Ups}} | {{Trello}}},
  year = {2022},
  howpublished = {https://trello.com/power-ups/55a5d917446f517774210009/salesforce},
  file = {/home/statick/Zotero/storage/6L26QYLN/salesforce.html}
}

@misc{pregoWhatsAppAbreSu2022,
  title = {{WhatsApp abre su API en la nube a todas las empresas: qu\'e se viene y podemos esperar a partir de ahora}},
  shorttitle = {{WhatsApp abre su API en la nube a todas las empresas}},
  author = {Prego, Carlos},
  year = {2022},
  month = may,
  journal = {Xataka},
  abstract = {WhatsApp redobla su apuesta por el cliente profesional y apunta a los negocios de menor tama\~no, clave en un tejido empresarial como el espa\~nol. El CEO de...},
  chapter = {aplicaciones},
  howpublished = {https://www.xataka.com/aplicaciones/whatsapp-abre-su-api-nube-a-todas-empresas-que-se-viene-podemos-esperar-a-partir-ahora},
  langid = {spanish},
  file = {/home/statick/Zotero/storage/RSMPV432/whatsapp-abre-su-api-nube-a-todas-empresas-que-se-viene-podemos-esperar-a-partir-ahora.html}
}

@misc{PromotingOpenResearch,
  title = {Promoting an Open Research Culture},
  howpublished = {https://www.science.org/doi/10.1126/science.aab2374}
}

@misc{QueEsNotion2021,
  title = {{Qu\'e es Notion y como pueden usarlo las empresas}},
  year = {2021},
  month = nov,
  journal = {Hablemos de empresas},
  abstract = {Notion, la herramienta multifunci\'on, puede ser usada para gestionar una empresa tanto grande como peque\~na.},
  chapter = {Pymes},
  howpublished = {https://hablemosdeempresas.com/pymes/como-usar-notion-empresa/},
  langid = {spanish},
  file = {/home/statick/Zotero/storage/W2KADQXL/como-usar-notion-empresa.html}
}

@misc{RafaelBonifazSoftware2020,
  title = {Rafael {{Bonifaz}} \textendash{} {{Software}} Libre, Criptograf\'ia, Privacidad y Algo M\'as},
  year = {2020},
  howpublished = {https://rafael.bonifaz.ec/blog/},
  file = {/home/statick/Zotero/storage/5BN8HFRC/blog.html}
}

@misc{ramirezOnceTrucosAtajos2018,
  title = {{Once trucos y atajos de teclado de Mozilla Firefox para sacarle todo el partido}},
  author = {Ram{\'i}rez, Iv{\'a}n},
  year = {2018},
  month = mar,
  journal = {Xataka},
  abstract = {Hoy veremos once trucos y atajos de teclado para Mozilla Firefox para que domines este genial navegador. Nos centraremos en la versi\'on de Firefox para...},
  chapter = {basics},
  howpublished = {https://www.xataka.com/basics/once-trucos-y-atajos-de-teclado-de-mozilla-firefox-para-sacarle-todo-el-partido},
  langid = {spanish},
  file = {/home/statick/Zotero/storage/EQEB6VNR/once-trucos-y-atajos-de-teclado-de-mozilla-firefox-para-sacarle-todo-el-partido.html}
}

@misc{rodriguezAmazonOfreceGratuitamente2021,
  title = {{Amazon ofrece gratuitamente su herramienta de teletrabajo para pymes: hasta 50 escritorios remotos hasta el verano}},
  shorttitle = {{Amazon ofrece gratuitamente su herramienta de teletrabajo para pymes}},
  author = {Rodr{\'i}guez, Pablo},
  year = {2021},
  month = feb,
  journal = {Xataka},
  abstract = {Amazon ha anunciado que ofrecer\'a de forma gratuita su herramienta de teletrabajo WorkSpaces a peque\~nas y medianas empresas hasta el verano de 2021, de forma...},
  chapter = {pro},
  howpublished = {https://www.xataka.com/pro/amazon-ofrece-gratuitamente-su-herramienta-teletrabajo-para-pymes-50-escritorios-remotos-verano},
  langid = {spanish},
  file = {/home/statick/Zotero/storage/XNTZV8DW/amazon-ofrece-gratuitamente-su-herramienta-teletrabajo-para-pymes-50-escritorios-remotos-verano.html}
}

@article{sanchezNIVELSEGURIDADQUE,
  title = {{NIVEL DE LA SEGURIDAD QUE PERCIBEN LOS USUARIOS EN EL USO DE LOS SERVICIOS OFRECIDOS POR LA NUBE DE G-SUITE EN PANAM\'A}},
  author = {S{\'a}nchez, Erick A Ramos and Bernal, Fernando Alfredo King},
  pages = {59},
  langid = {spanish},
  file = {/home/statick/Zotero/storage/89PCMPUP/Sánchez and Bernal - NIVEL DE LA SEGURIDAD QUE PERCIBEN LOS USUARIOS EN.pdf}
}

@misc{SolucionesDisenadasPara2022,
  title = {{Soluciones dise\~nadas para profesores y alumnos | Google for Education}},
  year = {2022},
  journal = {Google~for~Education},
  abstract = {Las escuelas y las universidades aprovechan los productos, programas y acciones filantr\'opicas de Google para mejorar el aprendizaje y la innovaci\'on.},
  howpublished = {https://edu.google.com/intl/es-419\_ALL/},
  langid = {spanish},
  file = {/home/statick/Zotero/storage/Z9J3RHR6/es-419_ALL.html}
}

@article{tenenEscrituraSostenibleTexto2014,
  title = {{Escritura sostenible en texto plano usando Pandoc y Markdown}},
  author = {Tenen, Dennis and Wythoff, Grant},
  year = {2014},
  month = mar,
  journal = {Programming Historian},
  langid = {spanish},
  file = {/home/statick/Zotero/storage/W4ZU2MZJ/Tenen and Wythoff - 2014 - Escritura sostenible en texto plano usando Pandoc .html}
}

@article{tenenEscrituraSostenibleTexto2014a,
  title = {{Escritura sostenible en texto plano usando Pandoc y Markdown}},
  author = {Tenen, Dennis and Wythoff, Grant},
  year = {2014},
  month = mar,
  journal = {Programming Historian},
  langid = {spanish},
  file = {/home/statick/Zotero/storage/F3IHR2MJ/Tenen and Wythoff - 2014 - Escritura sostenible en texto plano usando Pandoc .html}
}

@misc{TrelloSoftwareProductividad2020,
  title = {{Trello: software de productividad}},
  shorttitle = {{Trello}},
  year = {2020},
  abstract = {Conoce a la empresa Trello y su software de productividad con el que trabajar de forma colaborativa y aumentar la rentabilidad de tu negocio.},
  howpublished = {https://www.softwaredoit.es/trello/trello.html},
  langid = {spanish},
  file = {/home/statick/Zotero/storage/U57SS2HB/trello.html}
}

@article{vidal-silvaExperienciaAcademicaDesarrollo2021,
  title = {Experiencia Acad\'emica En Desarrollo R\'apido de Sistemas de Informaci\'on Web Con {{Python}} y {{Django}}},
  author = {{Vidal-Silva}, Cristian L. and {S{\'a}nchez-Ortiz}, Aurora and Serrano, Jorge and Rubio, Jos{\'e} M. and {Vidal-Silva}, Cristian L. and {S{\'a}nchez-Ortiz}, Aurora and Serrano, Jorge and Rubio, Jos{\'e} M.},
  year = {2021},
  month = oct,
  journal = {Formaci\'on universitaria},
  volume = {14},
  number = {5},
  pages = {85--94},
  publisher = {{Centro de Informaci\'on Tecnol\'ogica}},
  issn = {0718-5006},
  doi = {10.4067/S0718-50062021000500085},
  abstract = {Resumen:Este trabajo presenta la experiencia acad\'emica, tanto de profesores como estudiantes, en un curso de \'ultimo a\~no para el desarrollo de sistemas de informaci\'on web mediante el uso del marco de trabajo Django del lenguaje de programaci\'on Python. Django facilita el desarrollo de aplicaciones web con el uso del patr\'on de desarrollo Modelo-Plantilla-Vista (MTV, en ingl\'es). Por la simplicidad sint\'actica y pr\'actica de Python y Django, los estudiantes de una carrera del \'area de administraci\'on y ciencias de la informaci\'on fueron capaces de desarrollar prototipos de sistemas de informaci\'on. Las experiencias de los estudiantes permiten remarcar la relevancia de las primeras fases del ciclo de desarrollo de software, requerimientos y dise\~no. Los proyectos que se presentan son sistemas web prototipo con operaciones para crear, leer, actualizar y eliminar (CRUD, en ingl\'es) registros de la base de datos. Se concluye que Python es un lenguaje de programaci\'on adecuado para un f\'acil y r\'apido dominio.Palabras clave:~Python; Django; MTV; software; desarrollo},
  file = {/home/statick/Zotero/storage/EPIWL9JP/Vidal-Silva et al. - 2021 - Experiencia académica en desarrollo rápido de sist.pdf;/home/statick/Zotero/storage/GXBCJNDZ/scielo.html}
}


