
@article{molinariosEvaluacionFrameworksDesarrollo2016,
  title = {Evaluaci\'on de Los {{Frameworks}} En El {{Desarrollo}} de {{Aplicaciones Web}} Con {{Python}}},
  author = {Molina R{\'i}os, Jimmy Rolando and Loja Mora, Nancy Magaly and Zea Ord{\'o}{\~n}ez, Mariuxi Paola and Loaiza Sojos, Erika Lizbeth},
  year = {2016},
  month = sep,
  journal = {Revista Latinoamericana de Ingenieria de Software},
  volume = {4},
  number = {4},
  pages = {201},
  issn = {2314-2642},
  doi = {10.18294/relais.2016.201-207},
  abstract = {Debido a la creciente interacci\'on de los usuarios con sistemas web, surge la necesidad de combinar las funcionalidades de aplicaciones cl\'asicas de escritorio, con la accesibilidad y bajo costo de la publicaci\'on de aplicaciones web; dando origen a la elecci\'on del mejor marco de trabajo que se adopte a las necesidades de los desarrolladores. Esta investigaci\'on presenta un an\'alisis comparativo de los frameworks que trabajan con el lenguaje Python para el desarrollo de aplicaciones web. Para ello el an\'alisis se formul\'o mediante un modelo de evaluaci\'on que se basa en las caracter\'isticas de calidad propuestas en la norma ISO/IEC 9126. Estas a su vez permiten establecer sub-caracter\'isticas, atributos y m\'etricas para evaluar la calidad de las aplicaciones web. Permitiendo obtener como resultado una matriz para la Evaluaci\'on de Frameworks: Django, Pyramid, Turbogear y Web2PY. Los resultados obtenidos mostraron las fortalezas y debilidades de cada framework y fue la base para determinar que Django es el mejor framework para la implementaci\'on de desarrollo de sistemas web. Este framework cumpli\'o con todos los indicadores del modelo de evaluaci\'on, los resultados redactados al final del documento determinan que tomando en cuenta las m\'etricas de calidad se puede elegir qu\'e marco de trabajo es el que mejor se adapta para el desarrollo de aplicaciones web en la Ciudad de Machala. Antes de realizar una evaluaci\'on se considera indispensable conocer y comprender el funcionamiento de los elementos que se vaya a cotejar, para ello es recomendable emplear tablas para la comparaci\'on de las caracter\'isticas, teniendo como referencia sitios web confiables que aporten documentaci\'on sobre los frameworks y el empleo de est\'andares de calidad para su determinaci\'on.},
  file = {/home/statick/Zotero/storage/K47MHVVR/Molina Ríos et al. - 2016 - Evaluación de los Frameworks en el Desarrollo de A.pdf}
}

@book{PlainPersonGuide,
  title = {The {{Plain Person}}'s {{Guide}} to {{Plain Text Social Science}}},
  abstract = {The Plain Person's Guide to Plain Text Social Science},
  year = {2022},
  file = {/home/statick/Zotero/storage/BEWHNJ6A/plain-text.co.html}
}

@article{vidal-silvaExperienciaAcademicaDesarrollo2021,
  title = {Experiencia Acad\'emica En Desarrollo R\'apido de Sistemas de Informaci\'on Web Con {{Python}} y {{Django}}},
  author = {{Vidal-Silva}, Cristian L. and {S{\'a}nchez-Ortiz}, Aurora and Serrano, Jorge and Rubio, Jos{\'e} M. and {Vidal-Silva}, Cristian L. and {S{\'a}nchez-Ortiz}, Aurora and Serrano, Jorge and Rubio, Jos{\'e} M.},
  year = {2021},
  month = oct,
  journal = {Formaci\'on universitaria},
  volume = {14},
  number = {5},
  pages = {85--94},
  publisher = {{Centro de Informaci\'on Tecnol\'ogica}},
  issn = {0718-5006},
  doi = {10.4067/S0718-50062021000500085},
  abstract = {Resumen:Este trabajo presenta la experiencia acad\'emica, tanto de profesores como estudiantes, en un curso de \'ultimo a\~no para el desarrollo de sistemas de informaci\'on web mediante el uso del marco de trabajo Django del lenguaje de programaci\'on Python. Django facilita el desarrollo de aplicaciones web con el uso del patr\'on de desarrollo Modelo-Plantilla-Vista (MTV, en ingl\'es). Por la simplicidad sint\'actica y pr\'actica de Python y Django, los estudiantes de una carrera del \'area de administraci\'on y ciencias de la informaci\'on fueron capaces de desarrollar prototipos de sistemas de informaci\'on. Las experiencias de los estudiantes permiten remarcar la relevancia de las primeras fases del ciclo de desarrollo de software, requerimientos y dise\~no. Los proyectos que se presentan son sistemas web prototipo con operaciones para crear, leer, actualizar y eliminar (CRUD, en ingl\'es) registros de la base de datos. Se concluye que Python es un lenguaje de programaci\'on adecuado para un f\'acil y r\'apido dominio.Palabras clave:~Python; Django; MTV; software; desarrollo},
  file = {/home/statick/Zotero/storage/EPIWL9JP/Vidal-Silva et al. - 2021 - Experiencia académica en desarrollo rápido de sist.pdf;/home/statick/Zotero/storage/GXBCJNDZ/scielo.html}
}


